@misc{IPA2014高度標的型攻撃,
  title   = {「『高度標的型攻撃』対策に向けたシステム設計ガイド」の公開},
  author  = {独立行政法人情報処理推進機構},
  note    = {\url{https://www.ipa.go.jp/security/vuln/newattack.html}},
  year    = {2014}
}
@article{小川秀貴2016リクエスト間隔,
  title={リクエスト間隔とレスポンスのボディサイズに基づくマルウェア感染由来の HTTP トラフィック検知},
  author={小川秀貴 and 山口由紀子 and 嶋田創 and 高倉弘喜 and 秋山満昭 and 八木毅 and others},
  journal={コンピュータセキュリティシンポジウム 2016 論文集},
  volume={2016},
  number={2},
  pages={408--415},
  year={2016}
}
@article{tran2014supplementary,
  title={A Supplementary Method for Malicious Detection Based on HTTP-Activity Similarity Features},
  author={Tran and Manh Cong and Nakamura and Yasuhiro},
  journal={Journal of Communications},
  volume={9},
  number={12},
  year={2014}
}
@article{三村守2016http,
  title={HTTP ベースの通信挙動に基づく RAT 検知システムの試作},
  author={三村守 and 大坪雄平 and 田中英彦 and others},
  journal={コンピュータセキュリティシンポジウム 2016 論文集},
  volume={2016},
  number={2},
  pages={488--495},
  year={2016}
}
@article{玉井達也2019制御サーバ,
  title={制御サーバへの接続性に着目したIoTボットネットの解析},
  author={玉井達也 and 田辺瑠偉 and 伊沢亮一 and 吉岡克成 and 松本 勉},
  journal={Computer Security Symposium 2019},
  pages={1298--1304},
  year={2019}
}
@article{原悟史2019感染持続型,
  title={感染持続型 IoT マルウェアの実態調査と実機による概念実証},
  author={原悟史 and 田宮和樹 and 鉄穎 and 渡辺露文 and 吉岡克成 and 松本勉},
  journal={電子情報通信学会論文誌 B},
  volume={102},
  number={8},
  pages={524--535},
  year={2019},
  publisher={The Institute of Electronics, Information and Communication Engineers}
}
@misc{総務省2018IoT,
  title   = {平成30年版 情報通信白書 | IoTデバイスの急速な普及},
  author  = {総務省},
  note    = {\url{http://www.soumu.go.jp/johotsusintokei/whitepaper/ja/h30/html/nd111200.html}},
  year    = {2018}
}
@misc{外務省2020感染状況,
author = {},
title = {外務省 海外安全ホームページ｜各国・地域における新型コロナウイルスの感染状況},
howpublished = {\url{https://www.anzen.mofa.go.jp/covid19/country_count.html}},
month = {},
year = {},
note = {(Accessed on 04/15/2020)}
}
@misc{GitHub2020DP3Tdoc,
author = {},
title = {DP-3T/documents: Decentralized Privacy-Preserving Proximity Tracing -- Documents},
howpublished = {\url{https://github.com/DP-3T/documents}},
month = {},
year = {},
note = {(Accessed on 04/15/2020)}
}
@misc{GitHub2020TCNProtocol,
author = {},
title = {TCNCoalition/TCN: Specification and reference implementation of the TCN Protocol for decentralized, privacy-preserving contact tracing.},
howpublished = {\url{https://github.com/TCNCoalition/TCN}},
month = {},
year = {},
note = {(Accessed on 04/15/2020)}
}
@misc{Ronald2020PACT,
author = {},
title = {The-PACT-protocol-specification-ver-0.1.pdf},
howpublished = {\url{https://pact.mit.edu/wp-content/uploads/2020/04/The-PACT-protocol-specification-ver-0.1.pdf}},
month = {},
year = {},
note = {(Accessed on 04/15/2020)}
}
@misc{Qiita2020COVID19,
author = {},
title = {COVID-19の接触フェーズを追跡する技術たち - Qiita},
howpublished = {\url{https://qiita.com/Osuke/items/a349121566af946cec4e}},
month = {},
year = {},
note = {(Accessed on 04/15/2020)}
}
@misc{Qiita2020コロナ対策,
author = {},
title = {コロナ対策へ向けプライバシーを保護したデバイス追跡技術CEN Protocol - Qiita},
howpublished = {\url{https://qiita.com/Osuke/items/3c9b5341c86d01738b91}},
month = {},
year = {},
note = {(Accessed on 04/15/2020)}
}
@article{vanderplas2018understanding,
  title={Understanding the lomb--scargle periodogram},
  author={VanderPlas, Jacob T},
  journal={The Astrophysical Journal Supplement Series},
  volume={236},
  number={1},
  pages={16},
  year={2018},
  publisher={IOP Publishing}
}
@misc{マルウェア対策研42:online,
author = {},
title = {マルウェア対策研究人材育成ワークショップ 2016 (MWS2016)},
howpublished = {\url{http://www.iwsec.org/mws/2016/about.html}},
month = {},
year = {},
note = {(Accessed on 05/26/2020)}
}
@article{venkatesan2018debot,
  title={DeBot: A novel network-based mechanism to detect exfiltration by architectural stealthy botnets},
  author={Venkatesan, Sridhar and Albanese, Massimiliano and Chiang, Cho-Yu Jason and Sapello, Angelo and Chadha, Ritu},
  journal={Security and Privacy},
  volume={1},
  number={6},
  pages={e51},
  year={2018},
  publisher={Wiley Online Library}
}
@article{assadhan2018analysis,
  title={Analysis of P2P, IRC and HTTP traffic for botnets detection},
  author={AsSadhan, Basil and Bashaiwth, Abdulmuneem and Al-Muhtadi, Jalal and Alshebeili, Saleh},
  journal={Peer-to-Peer Networking and Applications},
  volume={11},
  number={5},
  pages={848--861},
  year={2018},
  publisher={Springer}
}
@article{ankerst1999optics,
  title={OPTICS: ordering points to identify the clustering structure},
  author={Ankerst, Mihael and Breunig, Markus M and Kriegel, Hans-Peter and Sander, J{\"o}rg},
  journal={ACM Sigmod record},
  volume={28},
  number={2},
  pages={49--60},
  year={1999},
  publisher={ACM New York, NY, USA}
}
@article{仲小路博史2005周波数分析に基づくインシデント傾向検知手法に関する検討,
  title={周波数分析に基づくインシデント傾向検知手法に関する検討},
  author={仲小路博史 and 寺田真敏 and 坂本健一},
  journal={情報処理学会研究報告コンピュータセキュリティ (CSEC)},
  volume={2005},
  number={70 (2005-CSEC-030)},
  pages={83--88},
  year={2005}
}